@article{gandhi2020swoosh,
  title={Swoosh! Rattle! Thump!--Actions that Sound},
  author={Gandhi, Dhiraj and Gupta, Abhinav and Pinto, Lerrel},
  journal={arXiv preprint arXiv:2007.01851},
  year={2020}
}

@misc{KM,
  title = {Kuhn-Munkres-Algorithm},
  author={xyxYang},
  howpublished = {\url{https://github.com/xyxYang/Kuhn_Munkres_Algorithm}}
}

@misc{resnet,
  title = {CNN-repository-ResNetv2},
  author={JJBOY},
  howpublished = {\url{https://github.com/JJBOY/CNN-repository/blob/master/model/ResNetv2.py}}
}